@manual{citeR,
	address = {Vienna, Austria},
	author = {{R Core Team}},
	organization = {R Foundation for Statistical Computing},
	title = {R: A Language and Environment for Statistical Computing},
	url = {https://www.R-project.org/},
	year = {2020}}

@manual{Dplyr,
	author = {Hadley Wickham and Romain Fran{\c c}ois and Lionel Henry and Kirill M{\"u}ller},
	note = {R package version 1.0.7},
	title = {dplyr: A Grammar of Data Manipulation},
	url = {https://CRAN.R-project.org/package=dplyr},
	year = {2021}}

@manual{Janitor,
	author = {Sam Firke},
	note = {R package version 2.1.0},
	title = {janitor: Simple Tools for Examining and Cleaning Dirty Data},
	url = {https://CRAN.R-project.org/package=janitor},
	year = {2021}}

@manual{TidyR,
	author = {Hadley Wickham and Maximilian Girlich},
	note = {R package version 1.2.0},
	title = {tidyr: Tidy Messy Data},
	url = {https://CRAN.R-project.org/package=tidyr},
	year = {2022}}

@manual{Readr,
	author = {Hadley Wickham and Jim Hester and Jennifer Bryan},
	note = {R package version 2.1.2},
	title = {readr: Read Rectangular Text Data},
	url = {https://CRAN.R-project.org/package=readr},
	year = {2022}}

@article{Tidyverse,
	author = {Hadley Wickham and Mara Averick and Jennifer Bryan and Winston Chang and Lucy DAgostino McGowan and Romain Fran{\c c}ois and Garrett Grolemund and Alex Hayes and Lionel Henry and Jim Hester and Max Kuhn and Thomas Lin Pedersen and Evan Miller and Stephan Milton Bache and Kirill M{\"u}ller and Jeroen Ooms and David Robinson and Dana Paige Seidel and Vitalie Spinu and Kohske Takahashi and Davis Vaughan and Claus Wilke and Kara Woo and Hiroaki Yutani},
	doi = {10.21105/joss.01686},
	journal = {Journal of Open Source Software},
	number = {43},
	pages = {1686},
	title = {Welcome to the {tidyverse}},
	volume = {4},
	year = {2019}}

@incollection{KnitR,
	author = {Yihui Xie},
	booktitle = {Implementing Reproducible Computational Research},
	editor = {Victoria Stodden and Friedrich Leisch and Roger D. Peng},
	note = {ISBN 978-1466561595},
	publisher = {Chapman and Hall/CRC},
	title = {knitr: A Comprehensive Tool for Reproducible Research in {R}},
	url = {http://www.crcpress.com/product/isbn/9781466561595},
	year = {2014}}

@manual{KableExtra,
	author = {Hao Zhu},
	note = {R package version 1.3.4},
	title = {kableExtra: Construct Complex Table with 'kable' and Pipe Syntax},
	url = {https://CRAN.R-project.org/package=kableExtra},
	year = {2021}}

@book{Ggplot2,
	author = {Hadley Wickham},
	isbn = {978-3-319-24277-4},
	publisher = {Springer-Verlag New York},
	title = {ggplot2: Elegant Graphics for Data Analysis},
	url = {https://ggplot2.tidyverse.org},
	year = {2016}}

@manual{BibTeX,
	author = {Romain Francois},
	date-modified = {2022-03-27 22:49:47 -0400},
	note = {R package version 0.4.2.3},
	title = {bibtex: Bibtex Parser},
	url = {https://github.com/romainfrancois/bibtex},
	year = {2020}}
	
@Manual{GT,
    title = {gt: Easily Create Presentation-Ready Display Tables},
    author = {Richard Iannone and Joe Cheng and Barret Schloerke},
    year = {2022},
    note = {R package version 0.4.0},
    url = {https://CRAN.R-project.org/package=gt},
  }

@Manual{Glue,
    title = {glue: Interpreted String Literals},
    author = {Jim Hester and Jennifer Bryan},
    year = {2022},
    note = {R package version 1.6.2},
    url = {https://CRAN.R-project.org/package=glue},
  }

@Manual{KableExtra,
    title = {kableExtra: Construct Complex Table with 'kable' and Pipe Syntax},
    author = {Hao Zhu},
    year = {2021},
    note = {R package version 1.3.4},
    url = {https://CRAN.R-project.org/package=kableExtra},
  }

@Book{LeMondandHom2015,
	author = {Greg LeMond, Mark Hom},
	title = {The science of fitness : power, performance, and endurance},
	url = {https://www.sciencedirect.com/science/article/pii/B9780128010235000107},
	doi = {DOI: 10.1016/B978-0-12-801023-5.00010-7},
	year = {2015}}

@Article{BruhlmannEtal2017,
	author = {Florian Bruhlmann, Elisa Mekler, Alexander Tuch, Klaus Opwis},
	title = {Towards understanding the effects of individual gamification elements on intrinsic motivation and performance},
	url = {https://www-sciencedirect-com.myaccess.library.utoronto.ca/science/article/pii/S0747563215301229},
	doi = {https://doi.org/10.1016/j.chb.2015.08.048},
	year = {2017}}

@Article{DeterdingEtal2011,
  title={From game design elements to gamefulness: defining" gamification"},
  author={Deterding, Sebastian and Dixon, Dan and Khaled, Rilla and Nacke, Lennart},
  booktitle={Proceedings of the 15th international academic MindTrek conference: Envisioning future media environments},
  pages={9--15},
  year={2011}}

@Article{BastanfardEtal2018,
	author = {Mohammad Hajarian, Azam Bastanfard, Javad Mohammadzadeh, Madjid Khalilian},
	title = {A personalized gamification method for increasing user engagement in social networks},
	url = {https://link-springer-com.myaccess.library.utoronto.ca/content/pdf/10.1007/s13278-019-0589-3.pdf},
	doi = {https://doi.org/10.1007/s13278-019-0589-3},
	year = {2018}}
	
@Article{Hamari2014,
  title={Does gamification work?--a literature review of empirical studies on gamification},
  author={Hamari, Juho and Koivisto, Jonna and Sarsa, Harri},
  booktitle={2014 47th Hawaii international conference on system sciences},
  pages={3025--3034},
  year={2014},
  organization={Ieee}}
  
@Article{Seaborn2015,
  title={Gamification in theory and action: A survey},
  author={Seaborn, Katie and Fels, Deborah I},
  journal={International Journal of human-computer studies},
  volume={74},
  pages={14--31},
  year={2015},
  publisher={Elsevier}}
	
@Article{Zhang2008,
  title={Motivational affordances: Reasons for ICT design and use},
  author={Zhang, Ping},
  journal={Communications of the ACM},
  volume={51},
  number={11},
  pages={145--147},
  year={2008},
  publisher={Citeseer}}	
  
@incollection{Francisco2013,
  title={Gamification: analysis and application},
  author={Francisco-Aparicio, Andr{\'e}s and Guti{\'e}rrez-Vela, Francisco Luis and Isla-Montes, Jos{\'e} Luis and Sanchez, Jos{\'e} Luis Gonz{\'a}lez},
  booktitle={New trends in interaction, virtual reality and modeling},
  pages={113--126},
  year={2013},
  publisher={Springer}}
  
@Article{Deterding2014,
  title={Eudaimonic design, or: Six invitations to rethink gamification},
  author={Deterding, Sebastian},
  year={2014},
  publisher={Eudaimonic Design, or: Six Invitations to Rehtink Gamification. In~â€¦}}
	
@Article{Norman1999,
  title={Affordance, conventions, and design},
  author={Norman, Donald A},
  journal={interactions},
  volume={6},
  number={3},
  pages={38--43},
  year={1999},
  publisher={ACM New York, NY, USA}}
  
@Article{HeartRate_CDC,
  title={Target Heart Rate and Estimated Maximum Heart Rate},
  author={Centers for Disease Control and Prevention},
  year={2022},
  url={https://www.cdc.gov/physicalactivity/basics/measuring/heartrate.htm}}

@Publicatione{Peloton-Watts,
  title={How The Peloton Bike Calculates Power Output (Watts)},
  author={Peloton},
  year={2022},
  url={https://support.onepeloton.com/hc/en-ca/articles/208776926-How-The-Peloton-Bike-Calculates-Power-Output-Watts-}}
  
@Publicatione{Peloton-Metrics,
  title={Understanding your metrics},
  author={Peloton},
  year={2022},
  url={https://support.onepeloton.com/hc/en-ca/articles/203325985-Understanding-your-metrics}}

@Article{NielsenNormanGroup,
  title={Personas Make Users Memorable for Product Team Members},
  author={Aurora Harley},
  year={2015},
  url={https://www.nngroup.com/articles/persona/},
  publisher={Nielsen Norman Group}}

@Publication{DonNorman, 
  title={Affordances and Design}, 
  url={https://www.researchgate.net/publication/265618710_Affordances_and_Design}, 
  journal={ResearchGate}, 
  author={Donald Arthur Norman}, 
  year={2004}}
  
@Book{JJGibson,
  title={Perceiving, acting, and knowing: Toward an ecological psychology},
  author={Gibson, James J and Shaw, Robert and Bransford, John},
  year={1977},
  publisher={Erlbaum, NJ}}

@article{Howe2008-HOWOCA,
  pages = {353--366},
  journal = {Sport,Ethics and Philosophy},
  title = {On Competing Against Oneself, or 'I Need to Get a Different Voice in My Head'},
  number = {3},
  publisher = {Taylor \& Francis},
  volume = {2},
  doi = {10.1080/17511320802475762},
  author = {Leslie A. Howe},
  year = {2008}}

@Publication{Hurych2009, 
  title={Self-competition versus Internal Competition}, 
  url={https://www.researchgate.net/publication/243754950_Self-competition_versus_Internal_Competition}, 
  journal={ResearchGate}, 
  publisher={De Gruyter Open Sp. z o.o.}, 
  author={Hurych, Emanuel}, 
  year={2009}, 
  month={Dec}}

@misc{Reddit2015, 
  url={https://www.reddit.com/r/pelotoncycle/comments/ccp18e/show_me_the_data_part_ii/}, 
  journal={reddit}, 
  year={2015}}

@misc{PelotonBike,
  title={exercise bike with indoor cycling classes streamed live & on-demand_2022}, 
  url={https://www.onepeloton.ca/bikes}, 
  journal={@onepeloton}, 
  year={2022}}



















